%YAML 1.1
%TAG !u! tag:unity3d.com,2011:
--- !u!1 &1345961999115347991
GameObject:
  m_ObjectHideFlags: 0
  m_CorrespondingSourceObject: {fileID: 0}
  m_PrefabInstance: {fileID: 0}
  m_PrefabAsset: {fileID: 0}
  serializedVersion: 6
  m_Component:
  - component: {fileID: 1345961999115347990}
  - component: {fileID: 1345961999115347987}
  - component: {fileID: 1345961999115347984}
  - component: {fileID: 449207517014632722}
  - component: {fileID: 1913846685772602254}
  m_Layer: 5
  m_Name: ComputerContent
  m_TagString: Untagged
  m_Icon: {fileID: 0}
  m_NavMeshLayer: 0
  m_StaticEditorFlags: 0
  m_IsActive: 1
--- !u!224 &1345961999115347990
RectTransform:
  m_ObjectHideFlags: 0
  m_CorrespondingSourceObject: {fileID: 0}
  m_PrefabInstance: {fileID: 0}
  m_PrefabAsset: {fileID: 0}
  m_GameObject: {fileID: 1345961999115347991}
  m_LocalRotation: {x: -0, y: -0, z: -0, w: 1}
  m_LocalPosition: {x: 0, y: 0, z: 0}
  m_LocalScale: {x: 1, y: 1, z: 1}
  m_Children:
  - {fileID: 4678155005256501249}
  - {fileID: 4678155004689892762}
  - {fileID: 4678155005151711298}
  m_Father: {fileID: 0}
  m_RootOrder: 0
  m_LocalEulerAnglesHint: {x: 0, y: 0, z: 0}
  m_AnchorMin: {x: 0.5, y: 0.5}
  m_AnchorMax: {x: 0.5, y: 0.5}
  m_AnchoredPosition: {x: 0, y: 0}
  m_SizeDelta: {x: 728, y: 550}
  m_Pivot: {x: 0.5, y: 0.5}
--- !u!222 &1345961999115347987
CanvasRenderer:
  m_ObjectHideFlags: 0
  m_CorrespondingSourceObject: {fileID: 0}
  m_PrefabInstance: {fileID: 0}
  m_PrefabAsset: {fileID: 0}
  m_GameObject: {fileID: 1345961999115347991}
  m_CullTransparentMesh: 0
--- !u!114 &1345961999115347984
MonoBehaviour:
  m_ObjectHideFlags: 0
  m_CorrespondingSourceObject: {fileID: 0}
  m_PrefabInstance: {fileID: 0}
  m_PrefabAsset: {fileID: 0}
  m_GameObject: {fileID: 1345961999115347991}
  m_Enabled: 1
  m_EditorHideFlags: 0
  m_Script: {fileID: -765806418, guid: f70555f144d8491a825f0804e09c671c, type: 3}
  m_Name: 
  m_EditorClassIdentifier: 
  m_Material: {fileID: 0}
  m_Color: {r: 1, g: 1, b: 1, a: 1}
  m_RaycastTarget: 1
  m_OnCullStateChanged:
    m_PersistentCalls:
      m_Calls: []
    m_TypeName: UnityEngine.UI.MaskableGraphic+CullStateChangedEvent, UnityEngine.UI,
      Version=1.0.0.0, Culture=neutral, PublicKeyToken=null
  m_Sprite: {fileID: 21300000, guid: c9241518f93174048b37c5e994d80105, type: 3}
  m_Type: 0
  m_PreserveAspect: 0
  m_FillCenter: 1
  m_FillMethod: 4
  m_FillAmount: 1
  m_FillClockwise: 1
  m_FillOrigin: 0
  m_UseSpriteMesh: 0
--- !u!114 &449207517014632722
MonoBehaviour:
  m_ObjectHideFlags: 0
  m_CorrespondingSourceObject: {fileID: 0}
  m_PrefabInstance: {fileID: 0}
  m_PrefabAsset: {fileID: 0}
  m_GameObject: {fileID: 1345961999115347991}
  m_Enabled: 1
  m_EditorHideFlags: 0
  m_Script: {fileID: 11500000, guid: bd22bd504d5a3814da5703f0d8b87f5d, type: 3}
  m_Name: 
  m_EditorClassIdentifier: 
  image: {fileID: 1345961999115347984}
  lerpSpeed: 10
--- !u!114 &1913846685772602254
MonoBehaviour:
  m_ObjectHideFlags: 0
  m_CorrespondingSourceObject: {fileID: 0}
  m_PrefabInstance: {fileID: 0}
  m_PrefabAsset: {fileID: 0}
  m_GameObject: {fileID: 1345961999115347991}
  m_Enabled: 1
  m_EditorHideFlags: 0
  m_Script: {fileID: 11500000, guid: 0bf47afaa0a5251409f16901fac08292, type: 3}
  m_Name: 
  m_EditorClassIdentifier: 
  image: {fileID: 1345961999115347984}
  openingClip: {fileID: 8300000, guid: 176adc5f86be2c94fa988797363501a6, type: 3}
  closingClip: {fileID: 8300000, guid: 176adc5f86be2c94fa988797363501a6, type: 3}
  switcher: {fileID: 0}
  isOpened: 1
--- !u!1001 &1345961998801977707
PrefabInstance:
  m_ObjectHideFlags: 0
  serializedVersion: 2
  m_Modification:
    m_TransformParent: {fileID: 1345961999115347990}
    m_Modifications:
    - target: {fileID: 5927287408571502894, guid: 12872b185544bb74cab831334b9fd136,
        type: 3}
      propertyPath: m_Name
      value: Item (2)
      objectReference: {fileID: 0}
    - target: {fileID: 5927287408571502891, guid: 12872b185544bb74cab831334b9fd136,
        type: 3}
      propertyPath: canDrag
      value: 0
      objectReference: {fileID: 0}
    - target: {fileID: 5927287408571502891, guid: 12872b185544bb74cab831334b9fd136,
        type: 3}
      propertyPath: useImageForContent
      value: 1
      objectReference: {fileID: 0}
    - target: {fileID: 5927287408571502889, guid: 12872b185544bb74cab831334b9fd136,
        type: 3}
      propertyPath: m_LocalPosition.x
      value: 0
      objectReference: {fileID: 0}
    - target: {fileID: 5927287408571502889, guid: 12872b185544bb74cab831334b9fd136,
        type: 3}
      propertyPath: m_LocalPosition.y
      value: 0
      objectReference: {fileID: 0}
    - target: {fileID: 5927287408571502889, guid: 12872b185544bb74cab831334b9fd136,
        type: 3}
      propertyPath: m_LocalPosition.z
      value: 0
      objectReference: {fileID: 0}
    - target: {fileID: 5927287408571502889, guid: 12872b185544bb74cab831334b9fd136,
        type: 3}
      propertyPath: m_LocalRotation.x
      value: -0
      objectReference: {fileID: 0}
    - target: {fileID: 5927287408571502889, guid: 12872b185544bb74cab831334b9fd136,
        type: 3}
      propertyPath: m_LocalRotation.y
      value: -0
      objectReference: {fileID: 0}
    - target: {fileID: 5927287408571502889, guid: 12872b185544bb74cab831334b9fd136,
        type: 3}
      propertyPath: m_LocalRotation.z
      value: -0
      objectReference: {fileID: 0}
    - target: {fileID: 5927287408571502889, guid: 12872b185544bb74cab831334b9fd136,
        type: 3}
      propertyPath: m_LocalRotation.w
      value: 1
      objectReference: {fileID: 0}
    - target: {fileID: 5927287408571502889, guid: 12872b185544bb74cab831334b9fd136,
        type: 3}
      propertyPath: m_RootOrder
      value: 2
      objectReference: {fileID: 0}
    - target: {fileID: 5927287408571502889, guid: 12872b185544bb74cab831334b9fd136,
        type: 3}
      propertyPath: m_LocalEulerAnglesHint.x
      value: 0
      objectReference: {fileID: 0}
    - target: {fileID: 5927287408571502889, guid: 12872b185544bb74cab831334b9fd136,
        type: 3}
      propertyPath: m_LocalEulerAnglesHint.y
      value: 0
      objectReference: {fileID: 0}
    - target: {fileID: 5927287408571502889, guid: 12872b185544bb74cab831334b9fd136,
        type: 3}
      propertyPath: m_LocalEulerAnglesHint.z
      value: 0
      objectReference: {fileID: 0}
    - target: {fileID: 5927287408571502889, guid: 12872b185544bb74cab831334b9fd136,
        type: 3}
      propertyPath: m_AnchoredPosition.x
      value: 199
      objectReference: {fileID: 0}
    - target: {fileID: 5927287408571502889, guid: 12872b185544bb74cab831334b9fd136,
        type: 3}
      propertyPath: m_AnchoredPosition.y
      value: -77
      objectReference: {fileID: 0}
    - target: {fileID: 5927287408571502889, guid: 12872b185544bb74cab831334b9fd136,
        type: 3}
      propertyPath: m_SizeDelta.x
      value: -674
      objectReference: {fileID: 0}
    - target: {fileID: 5927287408571502889, guid: 12872b185544bb74cab831334b9fd136,
        type: 3}
      propertyPath: m_SizeDelta.y
      value: -475
      objectReference: {fileID: 0}
    - target: {fileID: 5927287408571502889, guid: 12872b185544bb74cab831334b9fd136,
        type: 3}
      propertyPath: m_AnchorMin.x
      value: 0
      objectReference: {fileID: 0}
    - target: {fileID: 5927287408571502889, guid: 12872b185544bb74cab831334b9fd136,
        type: 3}
      propertyPath: m_AnchorMin.y
      value: 0
      objectReference: {fileID: 0}
    - target: {fileID: 5927287408571502889, guid: 12872b185544bb74cab831334b9fd136,
        type: 3}
      propertyPath: m_AnchorMax.x
      value: 1
      objectReference: {fileID: 0}
    - target: {fileID: 5927287408571502889, guid: 12872b185544bb74cab831334b9fd136,
        type: 3}
      propertyPath: m_AnchorMax.y
      value: 1
      objectReference: {fileID: 0}
    - target: {fileID: 5927287408571502889, guid: 12872b185544bb74cab831334b9fd136,
        type: 3}
      propertyPath: m_Pivot.x
      value: 0.5
      objectReference: {fileID: 0}
    - target: {fileID: 5927287408571502889, guid: 12872b185544bb74cab831334b9fd136,
        type: 3}
      propertyPath: m_Pivot.y
      value: 0.5
      objectReference: {fileID: 0}
    - target: {fileID: 5927287408571502890, guid: 12872b185544bb74cab831334b9fd136,
        type: 3}
      propertyPath: m_Sprite
      value: 
      objectReference: {fileID: 21300000, guid: 4169f783558c67c46bbef7b0ece704e9,
        type: 3}
    m_RemovedComponents: []
  m_SourcePrefab: {fileID: 100100000, guid: 12872b185544bb74cab831334b9fd136, type: 3}
--- !u!224 &4678155005151711298 stripped
RectTransform:
  m_CorrespondingSourceObject: {fileID: 5927287408571502889, guid: 12872b185544bb74cab831334b9fd136,
    type: 3}
  m_PrefabInstance: {fileID: 1345961998801977707}
  m_PrefabAsset: {fileID: 0}
--- !u!1001 &1345961998890522920
PrefabInstance:
  m_ObjectHideFlags: 0
  serializedVersion: 2
  m_Modification:
    m_TransformParent: {fileID: 1345961999115347990}
    m_Modifications:
    - target: {fileID: 5927287408571502894, guid: 12872b185544bb74cab831334b9fd136,
        type: 3}
      propertyPath: m_Name
      value: Item
      objectReference: {fileID: 0}
    - target: {fileID: 5927287408571502891, guid: 12872b185544bb74cab831334b9fd136,
        type: 3}
      propertyPath: canDrag
      value: 0
      objectReference: {fileID: 0}
    - target: {fileID: 5927287408571502891, guid: 12872b185544bb74cab831334b9fd136,
        type: 3}
      propertyPath: useImageForContent
      value: 1
      objectReference: {fileID: 0}
    - target: {fileID: 5927287408571502889, guid: 12872b185544bb74cab831334b9fd136,
        type: 3}
      propertyPath: m_LocalPosition.x
      value: 0
      objectReference: {fileID: 0}
    - target: {fileID: 5927287408571502889, guid: 12872b185544bb74cab831334b9fd136,
        type: 3}
      propertyPath: m_LocalPosition.y
      value: 0
      objectReference: {fileID: 0}
    - target: {fileID: 5927287408571502889, guid: 12872b185544bb74cab831334b9fd136,
        type: 3}
      propertyPath: m_LocalPosition.z
      value: 0
      objectReference: {fileID: 0}
    - target: {fileID: 5927287408571502889, guid: 12872b185544bb74cab831334b9fd136,
        type: 3}
      propertyPath: m_LocalRotation.x
      value: 0
      objectReference: {fileID: 0}
    - target: {fileID: 5927287408571502889, guid: 12872b185544bb74cab831334b9fd136,
        type: 3}
      propertyPath: m_LocalRotation.y
      value: 0
      objectReference: {fileID: 0}
    - target: {fileID: 5927287408571502889, guid: 12872b185544bb74cab831334b9fd136,
        type: 3}
      propertyPath: m_LocalRotation.z
      value: 0
      objectReference: {fileID: 0}
    - target: {fileID: 5927287408571502889, guid: 12872b185544bb74cab831334b9fd136,
        type: 3}
      propertyPath: m_LocalRotation.w
      value: 1
      objectReference: {fileID: 0}
    - target: {fileID: 5927287408571502889, guid: 12872b185544bb74cab831334b9fd136,
        type: 3}
      propertyPath: m_RootOrder
      value: 0
      objectReference: {fileID: 0}
    - target: {fileID: 5927287408571502889, guid: 12872b185544bb74cab831334b9fd136,
        type: 3}
      propertyPath: m_LocalEulerAnglesHint.x
      value: 0
      objectReference: {fileID: 0}
    - target: {fileID: 5927287408571502889, guid: 12872b185544bb74cab831334b9fd136,
        type: 3}
      propertyPath: m_LocalEulerAnglesHint.y
      value: 0
      objectReference: {fileID: 0}
    - target: {fileID: 5927287408571502889, guid: 12872b185544bb74cab831334b9fd136,
        type: 3}
      propertyPath: m_LocalEulerAnglesHint.z
      value: 0
      objectReference: {fileID: 0}
    - target: {fileID: 5927287408571502889, guid: 12872b185544bb74cab831334b9fd136,
        type: 3}
      propertyPath: m_AnchoredPosition.x
      value: -216.20001
      objectReference: {fileID: 0}
    - target: {fileID: 5927287408571502889, guid: 12872b185544bb74cab831334b9fd136,
        type: 3}
      propertyPath: m_AnchoredPosition.y
      value: 107
      objectReference: {fileID: 0}
    - target: {fileID: 5927287408571502889, guid: 12872b185544bb74cab831334b9fd136,
        type: 3}
      propertyPath: m_SizeDelta.x
      value: -674
      objectReference: {fileID: 0}
    - target: {fileID: 5927287408571502889, guid: 12872b185544bb74cab831334b9fd136,
        type: 3}
      propertyPath: m_SizeDelta.y
      value: -475
      objectReference: {fileID: 0}
    - target: {fileID: 5927287408571502889, guid: 12872b185544bb74cab831334b9fd136,
        type: 3}
      propertyPath: m_AnchorMin.x
      value: 0
      objectReference: {fileID: 0}
    - target: {fileID: 5927287408571502889, guid: 12872b185544bb74cab831334b9fd136,
        type: 3}
      propertyPath: m_AnchorMin.y
      value: 0
      objectReference: {fileID: 0}
    - target: {fileID: 5927287408571502889, guid: 12872b185544bb74cab831334b9fd136,
        type: 3}
      propertyPath: m_AnchorMax.x
      value: 1
      objectReference: {fileID: 0}
    - target: {fileID: 5927287408571502889, guid: 12872b185544bb74cab831334b9fd136,
        type: 3}
      propertyPath: m_AnchorMax.y
      value: 1
      objectReference: {fileID: 0}
    - target: {fileID: 5927287408571502889, guid: 12872b185544bb74cab831334b9fd136,
        type: 3}
      propertyPath: m_Pivot.x
      value: 0.5
      objectReference: {fileID: 0}
    - target: {fileID: 5927287408571502889, guid: 12872b185544bb74cab831334b9fd136,
        type: 3}
      propertyPath: m_Pivot.y
      value: 0.5
      objectReference: {fileID: 0}
    - target: {fileID: 5927287408571502890, guid: 12872b185544bb74cab831334b9fd136,
        type: 3}
      propertyPath: m_Sprite
      value: 
      objectReference: {fileID: 21300000, guid: 40df453ff3b6af64b946e724cd77b7f1,
        type: 3}
    m_RemovedComponents: []
  m_SourcePrefab: {fileID: 100100000, guid: 12872b185544bb74cab831334b9fd136, type: 3}
--- !u!224 &4678155005256501249 stripped
RectTransform:
  m_CorrespondingSourceObject: {fileID: 5927287408571502889, guid: 12872b185544bb74cab831334b9fd136,
    type: 3}
  m_PrefabInstance: {fileID: 1345961998890522920}
  m_PrefabAsset: {fileID: 0}
--- !u!1001 &1345961999532364979
PrefabInstance:
  m_ObjectHideFlags: 0
  serializedVersion: 2
  m_Modification:
    m_TransformParent: {fileID: 1345961999115347990}
    m_Modifications:
    - target: {fileID: 5927287408571502894, guid: 12872b185544bb74cab831334b9fd136,
        type: 3}
      propertyPath: m_Name
      value: Item (1)
      objectReference: {fileID: 0}
    - target: {fileID: 5927287408571502891, guid: 12872b185544bb74cab831334b9fd136,
        type: 3}
      propertyPath: canDrag
      value: 0
      objectReference: {fileID: 0}
    - target: {fileID: 5927287408571502891, guid: 12872b185544bb74cab831334b9fd136,
        type: 3}
      propertyPath: useImageForContent
      value: 1
      objectReference: {fileID: 0}
    - target: {fileID: 5927287408571502889, guid: 12872b185544bb74cab831334b9fd136,
        type: 3}
      propertyPath: m_LocalPosition.x
      value: 0
      objectReference: {fileID: 0}
    - target: {fileID: 5927287408571502889, guid: 12872b185544bb74cab831334b9fd136,
        type: 3}
      propertyPath: m_LocalPosition.y
      value: 0
      objectReference: {fileID: 0}
    - target: {fileID: 5927287408571502889, guid: 12872b185544bb74cab831334b9fd136,
        type: 3}
      propertyPath: m_LocalPosition.z
      value: 0
      objectReference: {fileID: 0}
    - target: {fileID: 5927287408571502889, guid: 12872b185544bb74cab831334b9fd136,
        type: 3}
      propertyPath: m_LocalRotation.x
      value: 0
      objectReference: {fileID: 0}
    - target: {fileID: 5927287408571502889, guid: 12872b185544bb74cab831334b9fd136,
        type: 3}
      propertyPath: m_LocalRotation.y
      value: 0
      objectReference: {fileID: 0}
    - target: {fileID: 5927287408571502889, guid: 12872b185544bb74cab831334b9fd136,
        type: 3}
      propertyPath: m_LocalRotation.z
      value: 0
      objectReference: {fileID: 0}
    - target: {fileID: 5927287408571502889, guid: 12872b185544bb74cab831334b9fd136,
        type: 3}
      propertyPath: m_LocalRotation.w
      value: 1
      objectReference: {fileID: 0}
    - target: {fileID: 5927287408571502889, guid: 12872b185544bb74cab831334b9fd136,
        type: 3}
      propertyPath: m_RootOrder
      value: 1
      objectReference: {fileID: 0}
    - target: {fileID: 5927287408571502889, guid: 12872b185544bb74cab831334b9fd136,
        type: 3}
      propertyPath: m_LocalEulerAnglesHint.x
      value: 0
      objectReference: {fileID: 0}
    - target: {fileID: 5927287408571502889, guid: 12872b185544bb74cab831334b9fd136,
        type: 3}
      propertyPath: m_LocalEulerAnglesHint.y
      value: 0
      objectReference: {fileID: 0}
    - target: {fileID: 5927287408571502889, guid: 12872b185544bb74cab831334b9fd136,
        type: 3}
      propertyPath: m_LocalEulerAnglesHint.z
      value: 0
      objectReference: {fileID: 0}
    - target: {fileID: 5927287408571502889, guid: 12872b185544bb74cab831334b9fd136,
        type: 3}
      propertyPath: m_AnchoredPosition.x
      value: -216
      objectReference: {fileID: 0}
    - target: {fileID: 5927287408571502889, guid: 12872b185544bb74cab831334b9fd136,
        type: 3}
      propertyPath: m_AnchoredPosition.y
      value: 10
      objectReference: {fileID: 0}
    - target: {fileID: 5927287408571502889, guid: 12872b185544bb74cab831334b9fd136,
        type: 3}
      propertyPath: m_SizeDelta.x
      value: -674
      objectReference: {fileID: 0}
    - target: {fileID: 5927287408571502889, guid: 12872b185544bb74cab831334b9fd136,
        type: 3}
      propertyPath: m_SizeDelta.y
      value: -475
      objectReference: {fileID: 0}
    - target: {fileID: 5927287408571502889, guid: 12872b185544bb74cab831334b9fd136,
        type: 3}
      propertyPath: m_AnchorMin.x
      value: 0
      objectReference: {fileID: 0}
    - target: {fileID: 5927287408571502889, guid: 12872b185544bb74cab831334b9fd136,
        type: 3}
      propertyPath: m_AnchorMin.y
      value: 0
      objectReference: {fileID: 0}
    - target: {fileID: 5927287408571502889, guid: 12872b185544bb74cab831334b9fd136,
        type: 3}
      propertyPath: m_AnchorMax.x
      value: 1
      objectReference: {fileID: 0}
    - target: {fileID: 5927287408571502889, guid: 12872b185544bb74cab831334b9fd136,
        type: 3}
      propertyPath: m_AnchorMax.y
      value: 1
      objectReference: {fileID: 0}
    - target: {fileID: 5927287408571502889, guid: 12872b185544bb74cab831334b9fd136,
        type: 3}
      propertyPath: m_Pivot.x
      value: 0.5
      objectReference: {fileID: 0}
    - target: {fileID: 5927287408571502889, guid: 12872b185544bb74cab831334b9fd136,
        type: 3}
      propertyPath: m_Pivot.y
      value: 0.5
      objectReference: {fileID: 0}
    - target: {fileID: 5927287408571502890, guid: 12872b185544bb74cab831334b9fd136,
        type: 3}
      propertyPath: m_Sprite
      value: 
      objectReference: {fileID: 21300000, guid: 5c5e40b2ec0137d4daf85bb0a1cc0109,
        type: 3}
    m_RemovedComponents: []
  m_SourcePrefab: {fileID: 100100000, guid: 12872b185544bb74cab831334b9fd136, type: 3}
--- !u!224 &4678155004689892762 stripped
RectTransform:
  m_CorrespondingSourceObject: {fileID: 5927287408571502889, guid: 12872b185544bb74cab831334b9fd136,
    type: 3}
  m_PrefabInstance: {fileID: 1345961999532364979}
  m_PrefabAsset: {fileID: 0}
