%YAML 1.1
%TAG !u! tag:unity3d.com,2011:
--- !u!1 &3976869585713122825
GameObject:
  m_ObjectHideFlags: 0
  m_CorrespondingSourceObject: {fileID: 0}
  m_PrefabInstance: {fileID: 0}
  m_PrefabAsset: {fileID: 0}
  serializedVersion: 6
  m_Component:
  - component: {fileID: 3976869585713122826}
  - component: {fileID: 3976869585713122868}
  - component: {fileID: 3976869585713122827}
  - component: {fileID: 3976869585713122870}
  m_Layer: 5
  m_Name: MovingBox 1
  m_TagString: Untagged
  m_Icon: {fileID: 0}
  m_NavMeshLayer: 0
  m_StaticEditorFlags: 0
  m_IsActive: 1
--- !u!224 &3976869585713122826
RectTransform:
  m_ObjectHideFlags: 0
  m_CorrespondingSourceObject: {fileID: 0}
  m_PrefabInstance: {fileID: 0}
  m_PrefabAsset: {fileID: 0}
  m_GameObject: {fileID: 3976869585713122825}
  m_LocalRotation: {x: 0, y: 0, z: 0, w: 1}
  m_LocalPosition: {x: 0, y: 0, z: 0}
  m_LocalScale: {x: 1, y: 1, z: 1}
  m_Children:
  - {fileID: 3976869585898100583}
  - {fileID: 3976869585839036634}
  m_Father: {fileID: 0}
  m_RootOrder: 0
  m_LocalEulerAnglesHint: {x: 0, y: 0, z: 0}
  m_AnchorMin: {x: 0.5, y: 0.5}
  m_AnchorMax: {x: 0.5, y: 0.5}
  m_AnchoredPosition: {x: -59.3, y: -153.5}
  m_SizeDelta: {x: 270.1, y: 45.9}
  m_Pivot: {x: 0.5, y: 0.5}
--- !u!222 &3976869585713122868
CanvasRenderer:
  m_ObjectHideFlags: 0
  m_CorrespondingSourceObject: {fileID: 0}
  m_PrefabInstance: {fileID: 0}
  m_PrefabAsset: {fileID: 0}
  m_GameObject: {fileID: 3976869585713122825}
  m_CullTransparentMesh: 0
--- !u!114 &3976869585713122827
MonoBehaviour:
  m_ObjectHideFlags: 0
  m_CorrespondingSourceObject: {fileID: 0}
  m_PrefabInstance: {fileID: 0}
  m_PrefabAsset: {fileID: 0}
  m_GameObject: {fileID: 3976869585713122825}
  m_Enabled: 1
  m_EditorHideFlags: 0
  m_Script: {fileID: -765806418, guid: f70555f144d8491a825f0804e09c671c, type: 3}
  m_Name: 
  m_EditorClassIdentifier: 
  m_Material: {fileID: 0}
  m_Color: {r: 1, g: 1, b: 1, a: 0}
  m_RaycastTarget: 1
  m_OnCullStateChanged:
    m_PersistentCalls:
      m_Calls: []
    m_TypeName: UnityEngine.UI.MaskableGraphic+CullStateChangedEvent, UnityEngine.UI,
      Version=1.0.0.0, Culture=neutral, PublicKeyToken=null
  m_Sprite: {fileID: 21300000, guid: 8a344826d51639142a9941ea35bc83b9, type: 3}
  m_Type: 0
  m_PreserveAspect: 0
  m_FillCenter: 1
  m_FillMethod: 4
  m_FillAmount: 1
  m_FillClockwise: 1
  m_FillOrigin: 0
  m_UseSpriteMesh: 0
--- !u!114 &3976869585713122870
MonoBehaviour:
  m_ObjectHideFlags: 0
  m_CorrespondingSourceObject: {fileID: 0}
  m_PrefabInstance: {fileID: 0}
  m_PrefabAsset: {fileID: 0}
  m_GameObject: {fileID: 3976869585713122825}
  m_Enabled: 1
  m_EditorHideFlags: 0
  m_Script: {fileID: 11500000, guid: 0bf47afaa0a5251409f16901fac08292, type: 3}
  m_Name: 
  m_EditorClassIdentifier: 
  image: {fileID: 3976869585839036635}
  openingClip: {fileID: 8300000, guid: 3abe71be46a0e8d4ab3bde9777f0b6bb, type: 3}
  closingClip: {fileID: 8300000, guid: 8a60b6ef0c5286344adb3ec62d5fe64f, type: 3}
  switcher: {fileID: 3976869585898100576}
  isOpened: 0
--- !u!1 &3976869585839036633
GameObject:
  m_ObjectHideFlags: 0
  m_CorrespondingSourceObject: {fileID: 0}
  m_PrefabInstance: {fileID: 0}
  m_PrefabAsset: {fileID: 0}
  serializedVersion: 6
  m_Component:
  - component: {fileID: 3976869585839036634}
  - component: {fileID: 3976869585839036612}
  - component: {fileID: 3976869585839036635}
  - component: {fileID: 5585647080327773203}
  - component: {fileID: 3939588519341331496}
  m_Layer: 5
  m_Name: OpenedBox
  m_TagString: Untagged
  m_Icon: {fileID: 0}
  m_NavMeshLayer: 0
  m_StaticEditorFlags: 0
  m_IsActive: 0
--- !u!224 &3976869585839036634
RectTransform:
  m_ObjectHideFlags: 0
  m_CorrespondingSourceObject: {fileID: 0}
  m_PrefabInstance: {fileID: 0}
  m_PrefabAsset: {fileID: 0}
  m_GameObject: {fileID: 3976869585839036633}
  m_LocalRotation: {x: 0, y: 0, z: 0, w: 1}
  m_LocalPosition: {x: 0, y: 0, z: 0}
  m_LocalScale: {x: 1, y: 1, z: 1}
  m_Children:
  - {fileID: 1231299957445014943}
  - {fileID: 563626485779112888}
  m_Father: {fileID: 3976869585713122826}
  m_RootOrder: 1
  m_LocalEulerAnglesHint: {x: 0, y: 0, z: 0}
  m_AnchorMin: {x: 0.5, y: 0.5}
  m_AnchorMax: {x: 0.5, y: 0.5}
  m_AnchoredPosition: {x: -9.8, y: -50.7}
  m_SizeDelta: {x: 364, y: 184}
  m_Pivot: {x: 0.5, y: 0.5}
--- !u!222 &3976869585839036612
CanvasRenderer:
  m_ObjectHideFlags: 0
  m_CorrespondingSourceObject: {fileID: 0}
  m_PrefabInstance: {fileID: 0}
  m_PrefabAsset: {fileID: 0}
  m_GameObject: {fileID: 3976869585839036633}
  m_CullTransparentMesh: 0
--- !u!114 &3976869585839036635
MonoBehaviour:
  m_ObjectHideFlags: 0
  m_CorrespondingSourceObject: {fileID: 0}
  m_PrefabInstance: {fileID: 0}
  m_PrefabAsset: {fileID: 0}
  m_GameObject: {fileID: 3976869585839036633}
  m_Enabled: 1
  m_EditorHideFlags: 0
  m_Script: {fileID: -765806418, guid: f70555f144d8491a825f0804e09c671c, type: 3}
  m_Name: 
  m_EditorClassIdentifier: 
  m_Material: {fileID: 0}
  m_Color: {r: 1, g: 1, b: 1, a: 1}
  m_RaycastTarget: 1
  m_OnCullStateChanged:
    m_PersistentCalls:
      m_Calls: []
    m_TypeName: UnityEngine.UI.MaskableGraphic+CullStateChangedEvent, UnityEngine.UI,
      Version=1.0.0.0, Culture=neutral, PublicKeyToken=null
  m_Sprite: {fileID: 21300000, guid: a9b6a765e8e447642a80162d82e1d0bc, type: 3}
  m_Type: 0
  m_PreserveAspect: 0
  m_FillCenter: 1
  m_FillMethod: 4
  m_FillAmount: 1
  m_FillClockwise: 1
  m_FillOrigin: 0
  m_UseSpriteMesh: 0
--- !u!114 &5585647080327773203
MonoBehaviour:
  m_ObjectHideFlags: 0
  m_CorrespondingSourceObject: {fileID: 0}
  m_PrefabInstance: {fileID: 0}
  m_PrefabAsset: {fileID: 0}
  m_GameObject: {fileID: 3976869585839036633}
  m_Enabled: 1
  m_EditorHideFlags: 0
  m_Script: {fileID: 11500000, guid: 2fec4954e8dfc9f44bc8fba706f8e94a, type: 3}
  m_Name: 
  m_EditorClassIdentifier: 
  rectTransform: {fileID: 3976869585839036634}
  image: {fileID: 3976869585839036635}
  contentPrefab: {fileID: 1889334399650653355, guid: ce7a7da231fc4e2478afd629f8bb4597,
    type: 3}
  currentContent: {fileID: 0}
  outline: {fileID: 3939588519341331496}
--- !u!114 &3939588519341331496
MonoBehaviour:
  m_ObjectHideFlags: 0
  m_CorrespondingSourceObject: {fileID: 0}
  m_PrefabInstance: {fileID: 0}
  m_PrefabAsset: {fileID: 0}
  m_GameObject: {fileID: 3976869585839036633}
  m_Enabled: 0
  m_EditorHideFlags: 0
  m_Script: {fileID: -900027084, guid: f70555f144d8491a825f0804e09c671c, type: 3}
  m_Name: 
  m_EditorClassIdentifier: 
  m_EffectColor: {r: 0, g: 0, b: 0, a: 1}
  m_EffectDistance: {x: 2, y: -2}
  m_UseGraphicAlpha: 1
--- !u!1 &3976869585898100582
GameObject:
  m_ObjectHideFlags: 0
  m_CorrespondingSourceObject: {fileID: 0}
  m_PrefabInstance: {fileID: 0}
  m_PrefabAsset: {fileID: 0}
  serializedVersion: 6
  m_Component:
  - component: {fileID: 3976869585898100583}
  - component: {fileID: 3976869585898100578}
  - component: {fileID: 3976869585898100577}
  - component: {fileID: 3976869585898100576}
  - component: {fileID: 4066061229776344876}
  m_Layer: 5
  m_Name: Switcher
  m_TagString: Untagged
  m_Icon: {fileID: 0}
  m_NavMeshLayer: 0
  m_StaticEditorFlags: 0
  m_IsActive: 1
--- !u!224 &3976869585898100583
RectTransform:
  m_ObjectHideFlags: 0
  m_CorrespondingSourceObject: {fileID: 0}
  m_PrefabInstance: {fileID: 0}
  m_PrefabAsset: {fileID: 0}
  m_GameObject: {fileID: 3976869585898100582}
  m_LocalRotation: {x: -0, y: -0, z: -0, w: 1}
  m_LocalPosition: {x: 0, y: 0, z: 0}
  m_LocalScale: {x: 1, y: 1, z: 1}
  m_Children: []
  m_Father: {fileID: 3976869585713122826}
  m_RootOrder: 0
  m_LocalEulerAnglesHint: {x: 0, y: 0, z: 0}
  m_AnchorMin: {x: 0.5, y: 0.5}
  m_AnchorMax: {x: 0.5, y: 0.5}
  m_AnchoredPosition: {x: 40.4, y: -0.9}
  m_SizeDelta: {x: 269, y: 88}
  m_Pivot: {x: 0.5, y: 0.5}
--- !u!222 &3976869585898100578
CanvasRenderer:
  m_ObjectHideFlags: 0
  m_CorrespondingSourceObject: {fileID: 0}
  m_PrefabInstance: {fileID: 0}
  m_PrefabAsset: {fileID: 0}
  m_GameObject: {fileID: 3976869585898100582}
  m_CullTransparentMesh: 0
--- !u!114 &3976869585898100577
MonoBehaviour:
  m_ObjectHideFlags: 0
  m_CorrespondingSourceObject: {fileID: 0}
  m_PrefabInstance: {fileID: 0}
  m_PrefabAsset: {fileID: 0}
  m_GameObject: {fileID: 3976869585898100582}
  m_Enabled: 1
  m_EditorHideFlags: 0
  m_Script: {fileID: -765806418, guid: f70555f144d8491a825f0804e09c671c, type: 3}
  m_Name: 
  m_EditorClassIdentifier: 
  m_Material: {fileID: 0}
  m_Color: {r: 1, g: 1, b: 1, a: 1}
  m_RaycastTarget: 1
  m_OnCullStateChanged:
    m_PersistentCalls:
      m_Calls: []
    m_TypeName: UnityEngine.UI.MaskableGraphic+CullStateChangedEvent, UnityEngine.UI,
      Version=1.0.0.0, Culture=neutral, PublicKeyToken=null
  m_Sprite: {fileID: 21300000, guid: 5e086fc02d6972f4fac53280423ba9ee, type: 3}
  m_Type: 0
  m_PreserveAspect: 0
  m_FillCenter: 1
  m_FillMethod: 4
  m_FillAmount: 1
  m_FillClockwise: 1
  m_FillOrigin: 0
  m_UseSpriteMesh: 0
--- !u!114 &3976869585898100576
MonoBehaviour:
  m_ObjectHideFlags: 0
  m_CorrespondingSourceObject: {fileID: 0}
  m_PrefabInstance: {fileID: 0}
  m_PrefabAsset: {fileID: 0}
  m_GameObject: {fileID: 3976869585898100582}
  m_Enabled: 1
  m_EditorHideFlags: 0
  m_Script: {fileID: 11500000, guid: a9bca9e2ed12aa4488b23c06fa45e241, type: 3}
  m_Name: 
  m_EditorClassIdentifier: 
  outline: {fileID: 4066061229776344876}
--- !u!114 &4066061229776344876
MonoBehaviour:
  m_ObjectHideFlags: 0
  m_CorrespondingSourceObject: {fileID: 0}
  m_PrefabInstance: {fileID: 0}
  m_PrefabAsset: {fileID: 0}
  m_GameObject: {fileID: 3976869585898100582}
  m_Enabled: 0
  m_EditorHideFlags: 0
  m_Script: {fileID: -900027084, guid: f70555f144d8491a825f0804e09c671c, type: 3}
  m_Name: 
  m_EditorClassIdentifier: 
  m_EffectColor: {r: 0, g: 0, b: 0, a: 1}
  m_EffectDistance: {x: 2, y: -2}
  m_UseGraphicAlpha: 1
--- !u!1001 &4852488650924647606
PrefabInstance:
  m_ObjectHideFlags: 0
  serializedVersion: 2
  m_Modification:
    m_TransformParent: {fileID: 3976869585839036634}
    m_Modifications:
    - target: {fileID: 5927287408571502894, guid: 35de8e0e4bb445a41989dace32f27b9d,
        type: 3}
      propertyPath: m_Name
      value: Manual
      objectReference: {fileID: 0}
    - target: {fileID: 5927287408571502889, guid: 35de8e0e4bb445a41989dace32f27b9d,
        type: 3}
      propertyPath: m_LocalPosition.x
      value: 0
      objectReference: {fileID: 0}
    - target: {fileID: 5927287408571502889, guid: 35de8e0e4bb445a41989dace32f27b9d,
        type: 3}
      propertyPath: m_LocalPosition.y
      value: 0
      objectReference: {fileID: 0}
    - target: {fileID: 5927287408571502889, guid: 35de8e0e4bb445a41989dace32f27b9d,
        type: 3}
      propertyPath: m_LocalPosition.z
      value: 0
      objectReference: {fileID: 0}
    - target: {fileID: 5927287408571502889, guid: 35de8e0e4bb445a41989dace32f27b9d,
        type: 3}
      propertyPath: m_LocalRotation.x
      value: 0.12722492
      objectReference: {fileID: 0}
    - target: {fileID: 5927287408571502889, guid: 35de8e0e4bb445a41989dace32f27b9d,
        type: 3}
      propertyPath: m_LocalRotation.y
      value: 0.2063248
      objectReference: {fileID: 0}
    - target: {fileID: 5927287408571502889, guid: 35de8e0e4bb445a41989dace32f27b9d,
        type: 3}
      propertyPath: m_LocalRotation.z
      value: -0.11475999
      objectReference: {fileID: 0}
    - target: {fileID: 5927287408571502889, guid: 35de8e0e4bb445a41989dace32f27b9d,
        type: 3}
      propertyPath: m_LocalRotation.w
      value: 0.96336603
      objectReference: {fileID: 0}
    - target: {fileID: 5927287408571502889, guid: 35de8e0e4bb445a41989dace32f27b9d,
        type: 3}
      propertyPath: m_RootOrder
      value: 0
      objectReference: {fileID: 0}
    - target: {fileID: 5927287408571502889, guid: 35de8e0e4bb445a41989dace32f27b9d,
        type: 3}
      propertyPath: m_LocalEulerAnglesHint.x
      value: 17.007
      objectReference: {fileID: 0}
    - target: {fileID: 5927287408571502889, guid: 35de8e0e4bb445a41989dace32f27b9d,
        type: 3}
      propertyPath: m_LocalEulerAnglesHint.y
      value: 22.655
      objectReference: {fileID: 0}
    - target: {fileID: 5927287408571502889, guid: 35de8e0e4bb445a41989dace32f27b9d,
        type: 3}
      propertyPath: m_LocalEulerAnglesHint.z
      value: -10.156
      objectReference: {fileID: 0}
    - target: {fileID: 5927287408571502889, guid: 35de8e0e4bb445a41989dace32f27b9d,
        type: 3}
      propertyPath: m_AnchoredPosition.x
      value: -21.200012
      objectReference: {fileID: 0}
    - target: {fileID: 5927287408571502889, guid: 35de8e0e4bb445a41989dace32f27b9d,
        type: 3}
      propertyPath: m_AnchoredPosition.y
      value: 18.100021
      objectReference: {fileID: 0}
    - target: {fileID: 5927287408571502889, guid: 35de8e0e4bb445a41989dace32f27b9d,
        type: 3}
      propertyPath: m_SizeDelta.x
      value: -293.7
      objectReference: {fileID: 0}
    - target: {fileID: 5927287408571502889, guid: 35de8e0e4bb445a41989dace32f27b9d,
        type: 3}
      propertyPath: m_SizeDelta.y
      value: -90.00001
      objectReference: {fileID: 0}
    - target: {fileID: 5927287408571502889, guid: 35de8e0e4bb445a41989dace32f27b9d,
        type: 3}
      propertyPath: m_AnchorMin.x
      value: 0
      objectReference: {fileID: 0}
    - target: {fileID: 5927287408571502889, guid: 35de8e0e4bb445a41989dace32f27b9d,
        type: 3}
      propertyPath: m_AnchorMin.y
      value: 0
      objectReference: {fileID: 0}
    - target: {fileID: 5927287408571502889, guid: 35de8e0e4bb445a41989dace32f27b9d,
        type: 3}
      propertyPath: m_AnchorMax.x
      value: 1
      objectReference: {fileID: 0}
    - target: {fileID: 5927287408571502889, guid: 35de8e0e4bb445a41989dace32f27b9d,
        type: 3}
      propertyPath: m_AnchorMax.y
      value: 1
      objectReference: {fileID: 0}
    - target: {fileID: 5927287408571502889, guid: 35de8e0e4bb445a41989dace32f27b9d,
        type: 3}
      propertyPath: m_Pivot.x
      value: 0.5
      objectReference: {fileID: 0}
    - target: {fileID: 5927287408571502889, guid: 35de8e0e4bb445a41989dace32f27b9d,
        type: 3}
      propertyPath: m_Pivot.y
      value: 0.5
      objectReference: {fileID: 0}
    - target: {fileID: 5927287408571502890, guid: 35de8e0e4bb445a41989dace32f27b9d,
        type: 3}
      propertyPath: m_Sprite
      value: 
      objectReference: {fileID: 21300000, guid: 8335dda5e18fd134d9a7e5674ac6ae97,
        type: 3}
    - target: {fileID: 5927287408571502891, guid: 35de8e0e4bb445a41989dace32f27b9d,
        type: 3}
      propertyPath: contentPrefab
      value: 
      objectReference: {fileID: 8647127573526122583, guid: 62d6d40ca86ea954c8d45e038d00b1ab,
        type: 3}
    m_RemovedComponents:
    - {fileID: 5927287408571502891, guid: 35de8e0e4bb445a41989dace32f27b9d, type: 3}
    - {fileID: 5927287408571502888, guid: 35de8e0e4bb445a41989dace32f27b9d, type: 3}
  m_SourcePrefab: {fileID: 100100000, guid: 35de8e0e4bb445a41989dace32f27b9d, type: 3}
--- !u!224 &1231299957445014943 stripped
RectTransform:
  m_CorrespondingSourceObject: {fileID: 5927287408571502889, guid: 35de8e0e4bb445a41989dace32f27b9d,
    type: 3}
  m_PrefabInstance: {fileID: 4852488650924647606}
  m_PrefabAsset: {fileID: 0}
--- !u!1001 &6166434162108625553
PrefabInstance:
  m_ObjectHideFlags: 0
  serializedVersion: 2
  m_Modification:
    m_TransformParent: {fileID: 3976869585839036634}
    m_Modifications:
    - target: {fileID: 5927287408571502894, guid: 35de8e0e4bb445a41989dace32f27b9d,
        type: 3}
      propertyPath: m_Name
      value: Manual (1)
      objectReference: {fileID: 0}
    - target: {fileID: 5927287408571502889, guid: 35de8e0e4bb445a41989dace32f27b9d,
        type: 3}
      propertyPath: m_LocalPosition.x
      value: 0
      objectReference: {fileID: 0}
    - target: {fileID: 5927287408571502889, guid: 35de8e0e4bb445a41989dace32f27b9d,
        type: 3}
      propertyPath: m_LocalPosition.y
      value: 0
      objectReference: {fileID: 0}
    - target: {fileID: 5927287408571502889, guid: 35de8e0e4bb445a41989dace32f27b9d,
        type: 3}
      propertyPath: m_LocalPosition.z
      value: 0
      objectReference: {fileID: 0}
    - target: {fileID: 5927287408571502889, guid: 35de8e0e4bb445a41989dace32f27b9d,
        type: 3}
      propertyPath: m_LocalRotation.x
      value: 0.12722492
      objectReference: {fileID: 0}
    - target: {fileID: 5927287408571502889, guid: 35de8e0e4bb445a41989dace32f27b9d,
        type: 3}
      propertyPath: m_LocalRotation.y
      value: 0.2063248
      objectReference: {fileID: 0}
    - target: {fileID: 5927287408571502889, guid: 35de8e0e4bb445a41989dace32f27b9d,
        type: 3}
      propertyPath: m_LocalRotation.z
      value: -0.11475999
      objectReference: {fileID: 0}
    - target: {fileID: 5927287408571502889, guid: 35de8e0e4bb445a41989dace32f27b9d,
        type: 3}
      propertyPath: m_LocalRotation.w
      value: 0.96336603
      objectReference: {fileID: 0}
    - target: {fileID: 5927287408571502889, guid: 35de8e0e4bb445a41989dace32f27b9d,
        type: 3}
      propertyPath: m_RootOrder
      value: 1
      objectReference: {fileID: 0}
    - target: {fileID: 5927287408571502889, guid: 35de8e0e4bb445a41989dace32f27b9d,
        type: 3}
      propertyPath: m_LocalEulerAnglesHint.x
      value: 17.007
      objectReference: {fileID: 0}
    - target: {fileID: 5927287408571502889, guid: 35de8e0e4bb445a41989dace32f27b9d,
        type: 3}
      propertyPath: m_LocalEulerAnglesHint.y
      value: 22.655
      objectReference: {fileID: 0}
    - target: {fileID: 5927287408571502889, guid: 35de8e0e4bb445a41989dace32f27b9d,
        type: 3}
      propertyPath: m_LocalEulerAnglesHint.z
      value: -10.156
      objectReference: {fileID: 0}
    - target: {fileID: 5927287408571502889, guid: 35de8e0e4bb445a41989dace32f27b9d,
        type: 3}
      propertyPath: m_AnchoredPosition.x
      value: -10.200012
      objectReference: {fileID: 0}
    - target: {fileID: 5927287408571502889, guid: 35de8e0e4bb445a41989dace32f27b9d,
        type: 3}
      propertyPath: m_AnchoredPosition.y
      value: 13.700012
      objectReference: {fileID: 0}
    - target: {fileID: 5927287408571502889, guid: 35de8e0e4bb445a41989dace32f27b9d,
        type: 3}
      propertyPath: m_SizeDelta.x
      value: -293.7
      objectReference: {fileID: 0}
    - target: {fileID: 5927287408571502889, guid: 35de8e0e4bb445a41989dace32f27b9d,
        type: 3}
      propertyPath: m_SizeDelta.y
      value: -90.00001
      objectReference: {fileID: 0}
    - target: {fileID: 5927287408571502889, guid: 35de8e0e4bb445a41989dace32f27b9d,
        type: 3}
      propertyPath: m_AnchorMin.x
      value: 0
      objectReference: {fileID: 0}
    - target: {fileID: 5927287408571502889, guid: 35de8e0e4bb445a41989dace32f27b9d,
        type: 3}
      propertyPath: m_AnchorMin.y
      value: 0
      objectReference: {fileID: 0}
    - target: {fileID: 5927287408571502889, guid: 35de8e0e4bb445a41989dace32f27b9d,
        type: 3}
      propertyPath: m_AnchorMax.x
      value: 1
      objectReference: {fileID: 0}
    - target: {fileID: 5927287408571502889, guid: 35de8e0e4bb445a41989dace32f27b9d,
        type: 3}
      propertyPath: m_AnchorMax.y
      value: 1
      objectReference: {fileID: 0}
    - target: {fileID: 5927287408571502889, guid: 35de8e0e4bb445a41989dace32f27b9d,
        type: 3}
      propertyPath: m_Pivot.x
      value: 0.5
      objectReference: {fileID: 0}
    - target: {fileID: 5927287408571502889, guid: 35de8e0e4bb445a41989dace32f27b9d,
        type: 3}
      propertyPath: m_Pivot.y
      value: 0.5
      objectReference: {fileID: 0}
    - target: {fileID: 5927287408571502890, guid: 35de8e0e4bb445a41989dace32f27b9d,
        type: 3}
      propertyPath: m_Sprite
      value: 
      objectReference: {fileID: 21300000, guid: 7386070993b282f4d823bd4771d08417,
        type: 3}
    - target: {fileID: 5927287408571502891, guid: 35de8e0e4bb445a41989dace32f27b9d,
        type: 3}
      propertyPath: contentPrefab
      value: 
      objectReference: {fileID: 8647127573526122583, guid: d1d25dc27fd69ca4e815f9ddf31edabc,
        type: 3}
    m_RemovedComponents:
    - {fileID: 5927287408571502891, guid: 35de8e0e4bb445a41989dace32f27b9d, type: 3}
    - {fileID: 5927287408571502888, guid: 35de8e0e4bb445a41989dace32f27b9d, type: 3}
  m_SourcePrefab: {fileID: 100100000, guid: 35de8e0e4bb445a41989dace32f27b9d, type: 3}
--- !u!224 &563626485779112888 stripped
RectTransform:
  m_CorrespondingSourceObject: {fileID: 5927287408571502889, guid: 35de8e0e4bb445a41989dace32f27b9d,
    type: 3}
  m_PrefabInstance: {fileID: 6166434162108625553}
  m_PrefabAsset: {fileID: 0}
